%YAML 1.1
%TAG !u! tag:unity3d.com,2011:
--- !u!1001 &100100000
Prefab:
  m_ObjectHideFlags: 1
  serializedVersion: 2
  m_Modification:
    m_TransformParent: {fileID: 0}
    m_Modifications: []
    m_RemovedComponents: []
  m_ParentPrefab: {fileID: 0}
  m_RootGameObject: {fileID: 1318363039881680}
  m_IsPrefabParent: 1
--- !u!1 &1004057423319948
GameObject:
  m_ObjectHideFlags: 1
  m_PrefabParentObject: {fileID: 0}
  m_PrefabInternal: {fileID: 100100000}
  serializedVersion: 5
  m_Component:
  - component: {fileID: 4473833476732278}
  m_Layer: 0
  m_Name: mixamorig:RightToe_End_end
  m_TagString: Untagged
  m_Icon: {fileID: 0}
  m_NavMeshLayer: 0
  m_StaticEditorFlags: 0
  m_IsActive: 1
--- !u!1 &1019296465312916
GameObject:
  m_ObjectHideFlags: 1
  m_PrefabParentObject: {fileID: 0}
  m_PrefabInternal: {fileID: 100100000}
  serializedVersion: 5
  m_Component:
  - component: {fileID: 4517656969202120}
  m_Layer: 0
  m_Name: mixamorig:RightHandThumb4
  m_TagString: Untagged
  m_Icon: {fileID: 0}
  m_NavMeshLayer: 0
  m_StaticEditorFlags: 0
  m_IsActive: 1
--- !u!1 &1028063238417236
GameObject:
  m_ObjectHideFlags: 1
  m_PrefabParentObject: {fileID: 0}
  m_PrefabInternal: {fileID: 100100000}
  serializedVersion: 5
  m_Component:
  - component: {fileID: 4233212594645954}
  m_Layer: 0
  m_Name: mixamorig:RightArm
  m_TagString: Untagged
  m_Icon: {fileID: 0}
  m_NavMeshLayer: 0
  m_StaticEditorFlags: 0
  m_IsActive: 1
--- !u!1 &1054642060510010
GameObject:
  m_ObjectHideFlags: 1
  m_PrefabParentObject: {fileID: 0}
  m_PrefabInternal: {fileID: 100100000}
  serializedVersion: 5
  m_Component:
  - component: {fileID: 4200658189753808}
  m_Layer: 0
  m_Name: mixamorig:RightShoulder
  m_TagString: Untagged
  m_Icon: {fileID: 0}
  m_NavMeshLayer: 0
  m_StaticEditorFlags: 0
  m_IsActive: 1
--- !u!1 &1094211630188202
GameObject:
  m_ObjectHideFlags: 1
  m_PrefabParentObject: {fileID: 0}
  m_PrefabInternal: {fileID: 100100000}
  serializedVersion: 5
  m_Component:
  - component: {fileID: 4503281320787550}
  m_Layer: 0
  m_Name: mixamorig:RightHandIndex4_end
  m_TagString: Untagged
  m_Icon: {fileID: 0}
  m_NavMeshLayer: 0
  m_StaticEditorFlags: 0
  m_IsActive: 1
--- !u!1 &1105665658252930
GameObject:
  m_ObjectHideFlags: 1
  m_PrefabParentObject: {fileID: 0}
  m_PrefabInternal: {fileID: 100100000}
  serializedVersion: 5
  m_Component:
  - component: {fileID: 4855708996320508}
  m_Layer: 0
  m_Name: mixamorig:Neck
  m_TagString: Untagged
  m_Icon: {fileID: 0}
  m_NavMeshLayer: 0
  m_StaticEditorFlags: 0
  m_IsActive: 1
--- !u!1 &1180511352164390
GameObject:
  m_ObjectHideFlags: 1
  m_PrefabParentObject: {fileID: 0}
  m_PrefabInternal: {fileID: 100100000}
  serializedVersion: 5
  m_Component:
  - component: {fileID: 4112416990592956}
  m_Layer: 0
  m_Name: mixamorig:Spine1
  m_TagString: Untagged
  m_Icon: {fileID: 0}
  m_NavMeshLayer: 0
  m_StaticEditorFlags: 0
  m_IsActive: 1
--- !u!1 &1198718587367038
GameObject:
  m_ObjectHideFlags: 1
  m_PrefabParentObject: {fileID: 0}
  m_PrefabInternal: {fileID: 100100000}
  serializedVersion: 5
  m_Component:
  - component: {fileID: 4844625852114240}
  m_Layer: 0
  m_Name: mixamorig:RightLeg
  m_TagString: Untagged
  m_Icon: {fileID: 0}
  m_NavMeshLayer: 0
  m_StaticEditorFlags: 0
  m_IsActive: 1
--- !u!1 &1204795936065230
GameObject:
  m_ObjectHideFlags: 1
  m_PrefabParentObject: {fileID: 0}
  m_PrefabInternal: {fileID: 100100000}
  serializedVersion: 5
  m_Component:
  - component: {fileID: 4116721238628234}
  m_Layer: 0
  m_Name: mixamorig:Head
  m_TagString: Untagged
  m_Icon: {fileID: 0}
  m_NavMeshLayer: 0
  m_StaticEditorFlags: 0
  m_IsActive: 1
--- !u!1 &1206724624369890
GameObject:
  m_ObjectHideFlags: 1
  m_PrefabParentObject: {fileID: 0}
  m_PrefabInternal: {fileID: 100100000}
  serializedVersion: 5
  m_Component:
  - component: {fileID: 4783662665990976}
  m_Layer: 0
  m_Name: mixamorig:RightForeArm
  m_TagString: Untagged
  m_Icon: {fileID: 0}
  m_NavMeshLayer: 0
  m_StaticEditorFlags: 0
  m_IsActive: 1
--- !u!1 &1233648070876374
GameObject:
  m_ObjectHideFlags: 1
  m_PrefabParentObject: {fileID: 0}
  m_PrefabInternal: {fileID: 100100000}
  serializedVersion: 5
  m_Component:
  - component: {fileID: 4403355773770762}
  m_Layer: 0
  m_Name: mixamorig:LeftUpLeg
  m_TagString: Untagged
  m_Icon: {fileID: 0}
  m_NavMeshLayer: 0
  m_StaticEditorFlags: 0
  m_IsActive: 1
--- !u!1 &1239994319520564
GameObject:
  m_ObjectHideFlags: 1
  m_PrefabParentObject: {fileID: 0}
  m_PrefabInternal: {fileID: 100100000}
  serializedVersion: 5
  m_Component:
  - component: {fileID: 4913827801878238}
  m_Layer: 0
  m_Name: mixamorig:LeftHandIndex3
  m_TagString: Untagged
  m_Icon: {fileID: 0}
  m_NavMeshLayer: 0
  m_StaticEditorFlags: 0
  m_IsActive: 1
--- !u!1 &1246639400248232
GameObject:
  m_ObjectHideFlags: 1
  m_PrefabParentObject: {fileID: 0}
  m_PrefabInternal: {fileID: 100100000}
  serializedVersion: 5
  m_Component:
  - component: {fileID: 4307169768842058}
  m_Layer: 0
  m_Name: mixamorig:RightToeBase
  m_TagString: Untagged
  m_Icon: {fileID: 0}
  m_NavMeshLayer: 0
  m_StaticEditorFlags: 0
  m_IsActive: 1
--- !u!1 &1286476410374616
GameObject:
  m_ObjectHideFlags: 1
  m_PrefabParentObject: {fileID: 0}
  m_PrefabInternal: {fileID: 100100000}
  serializedVersion: 5
  m_Component:
  - component: {fileID: 4055891906899062}
  m_Layer: 0
  m_Name: mixamorig:LeftForeArm
  m_TagString: Untagged
  m_Icon: {fileID: 0}
  m_NavMeshLayer: 0
  m_StaticEditorFlags: 0
  m_IsActive: 1
--- !u!1 &1290106829746664
GameObject:
  m_ObjectHideFlags: 1
  m_PrefabParentObject: {fileID: 0}
  m_PrefabInternal: {fileID: 100100000}
  serializedVersion: 5
  m_Component:
  - component: {fileID: 4294216288830502}
  m_Layer: 0
  m_Name: mixamorig:HeadTop_End_end
  m_TagString: Untagged
  m_Icon: {fileID: 0}
  m_NavMeshLayer: 0
  m_StaticEditorFlags: 0
  m_IsActive: 1
--- !u!1 &1304286338895800
GameObject:
  m_ObjectHideFlags: 1
  m_PrefabParentObject: {fileID: 0}
  m_PrefabInternal: {fileID: 100100000}
  serializedVersion: 5
  m_Component:
  - component: {fileID: 4374299968445980}
  - component: {fileID: 33964750313830844}
  - component: {fileID: 23408327625935534}
  m_Layer: 0
  m_Name: "PREF_Axt_Bj\xF6rn"
  m_TagString: Untagged
  m_Icon: {fileID: 0}
  m_NavMeshLayer: 0
  m_StaticEditorFlags: 0
  m_IsActive: 1
--- !u!1 &1318363039881680
GameObject:
  m_ObjectHideFlags: 0
  m_PrefabParentObject: {fileID: 0}
  m_PrefabInternal: {fileID: 100100000}
  serializedVersion: 5
  m_Component:
  - component: {fileID: 4857642850514284}
  - component: {fileID: 114472085230172618}
  m_Layer: 0
  m_Name: "PREF_Bj\xF6rn"
  m_TagString: Untagged
  m_Icon: {fileID: 0}
  m_NavMeshLayer: 0
  m_StaticEditorFlags: 0
  m_IsActive: 1
--- !u!1 &1350370412444694
GameObject:
  m_ObjectHideFlags: 1
  m_PrefabParentObject: {fileID: 0}
  m_PrefabInternal: {fileID: 100100000}
  serializedVersion: 5
  m_Component:
  - component: {fileID: 4601990506122366}
  m_Layer: 0
  m_Name: mixamorig:LeftHandThumb4_end
  m_TagString: Untagged
  m_Icon: {fileID: 0}
  m_NavMeshLayer: 0
  m_StaticEditorFlags: 0
  m_IsActive: 1
--- !u!1 &1353358963597956
GameObject:
  m_ObjectHideFlags: 0
  m_PrefabParentObject: {fileID: 0}
  m_PrefabInternal: {fileID: 100100000}
  serializedVersion: 5
  m_Component:
  - component: {fileID: 4416401302215924}
  - component: {fileID: 137569970231430222}
  m_Layer: 0
  m_Name: "Bj\xF6rn"
  m_TagString: Untagged
  m_Icon: {fileID: 0}
  m_NavMeshLayer: 0
  m_StaticEditorFlags: 0
  m_IsActive: 1
--- !u!1 &1356683531860300
GameObject:
  m_ObjectHideFlags: 1
  m_PrefabParentObject: {fileID: 0}
  m_PrefabInternal: {fileID: 100100000}
  serializedVersion: 5
  m_Component:
  - component: {fileID: 4395681153488204}
  m_Layer: 0
  m_Name: mixamorig:RightHandIndex3
  m_TagString: Untagged
  m_Icon: {fileID: 0}
  m_NavMeshLayer: 0
  m_StaticEditorFlags: 0
  m_IsActive: 1
--- !u!1 &1385352061795692
GameObject:
  m_ObjectHideFlags: 1
  m_PrefabParentObject: {fileID: 0}
  m_PrefabInternal: {fileID: 100100000}
  serializedVersion: 5
  m_Component:
  - component: {fileID: 4684654544594204}
  m_Layer: 0
  m_Name: mixamorig:LeftToe_End_end
  m_TagString: Untagged
  m_Icon: {fileID: 0}
  m_NavMeshLayer: 0
  m_StaticEditorFlags: 0
  m_IsActive: 1
--- !u!1 &1405140837671554
GameObject:
  m_ObjectHideFlags: 1
  m_PrefabParentObject: {fileID: 0}
  m_PrefabInternal: {fileID: 100100000}
  serializedVersion: 5
  m_Component:
  - component: {fileID: 4341927990517368}
  m_Layer: 0
  m_Name: mixamorig:Spine
  m_TagString: Untagged
  m_Icon: {fileID: 0}
  m_NavMeshLayer: 0
  m_StaticEditorFlags: 0
  m_IsActive: 1
--- !u!1 &1415429679342000
GameObject:
  m_ObjectHideFlags: 1
  m_PrefabParentObject: {fileID: 0}
  m_PrefabInternal: {fileID: 100100000}
  serializedVersion: 5
  m_Component:
  - component: {fileID: 4276427121595806}
  m_Layer: 0
  m_Name: mixamorig:LeftLeg
  m_TagString: Untagged
  m_Icon: {fileID: 0}
  m_NavMeshLayer: 0
  m_StaticEditorFlags: 0
  m_IsActive: 1
--- !u!1 &1430272253821628
GameObject:
  m_ObjectHideFlags: 1
  m_PrefabParentObject: {fileID: 0}
  m_PrefabInternal: {fileID: 100100000}
  serializedVersion: 5
  m_Component:
  - component: {fileID: 4374867351495456}
  m_Layer: 0
  m_Name: mixamorig:RightFoot
  m_TagString: Untagged
  m_Icon: {fileID: 0}
  m_NavMeshLayer: 0
  m_StaticEditorFlags: 0
  m_IsActive: 1
--- !u!1 &1455458848143802
GameObject:
  m_ObjectHideFlags: 1
  m_PrefabParentObject: {fileID: 0}
  m_PrefabInternal: {fileID: 100100000}
  serializedVersion: 5
  m_Component:
  - component: {fileID: 4454767936263394}
  m_Layer: 0
  m_Name: mixamorig:HeadTop_End
  m_TagString: Untagged
  m_Icon: {fileID: 0}
  m_NavMeshLayer: 0
  m_StaticEditorFlags: 0
  m_IsActive: 1
--- !u!1 &1456704317321406
GameObject:
  m_ObjectHideFlags: 1
  m_PrefabParentObject: {fileID: 0}
  m_PrefabInternal: {fileID: 100100000}
  serializedVersion: 5
  m_Component:
  - component: {fileID: 4550420627816870}
  m_Layer: 0
  m_Name: mixamorig:LeftFoot
  m_TagString: Untagged
  m_Icon: {fileID: 0}
  m_NavMeshLayer: 0
  m_StaticEditorFlags: 0
  m_IsActive: 1
--- !u!1 &1472912040299920
GameObject:
  m_ObjectHideFlags: 1
  m_PrefabParentObject: {fileID: 0}
  m_PrefabInternal: {fileID: 100100000}
  serializedVersion: 5
  m_Component:
  - component: {fileID: 4341021294035148}
  m_Layer: 0
  m_Name: mixamorig:LeftArm
  m_TagString: Untagged
  m_Icon: {fileID: 0}
  m_NavMeshLayer: 0
  m_StaticEditorFlags: 0
  m_IsActive: 1
--- !u!1 &1474941044586630
GameObject:
  m_ObjectHideFlags: 1
  m_PrefabParentObject: {fileID: 0}
  m_PrefabInternal: {fileID: 100100000}
  serializedVersion: 5
  m_Component:
  - component: {fileID: 4007667105955262}
  m_Layer: 0
  m_Name: mixamorig:RightHandIndex1
  m_TagString: Untagged
  m_Icon: {fileID: 0}
  m_NavMeshLayer: 0
  m_StaticEditorFlags: 0
  m_IsActive: 1
--- !u!1 &1482949055055688
GameObject:
  m_ObjectHideFlags: 1
  m_PrefabParentObject: {fileID: 0}
  m_PrefabInternal: {fileID: 100100000}
  serializedVersion: 5
  m_Component:
  - component: {fileID: 4512356193372666}
  m_Layer: 0
  m_Name: LeftHandEmpty
  m_TagString: Untagged
  m_Icon: {fileID: 0}
  m_NavMeshLayer: 0
  m_StaticEditorFlags: 0
  m_IsActive: 1
--- !u!1 &1488175637234448
GameObject:
  m_ObjectHideFlags: 1
  m_PrefabParentObject: {fileID: 0}
  m_PrefabInternal: {fileID: 100100000}
  serializedVersion: 5
  m_Component:
  - component: {fileID: 4774332276489728}
  m_Layer: 0
  m_Name: mixamorig:LeftHandThumb1
  m_TagString: Untagged
  m_Icon: {fileID: 0}
  m_NavMeshLayer: 0
  m_StaticEditorFlags: 0
  m_IsActive: 1
--- !u!1 &1509899524891978
GameObject:
  m_ObjectHideFlags: 1
  m_PrefabParentObject: {fileID: 0}
  m_PrefabInternal: {fileID: 100100000}
  serializedVersion: 5
  m_Component:
  - component: {fileID: 4307757137241512}
  m_Layer: 0
  m_Name: mixamorig:RightHandThumb3
  m_TagString: Untagged
  m_Icon: {fileID: 0}
  m_NavMeshLayer: 0
  m_StaticEditorFlags: 0
  m_IsActive: 1
--- !u!1 &1515472414929702
GameObject:
  m_ObjectHideFlags: 1
  m_PrefabParentObject: {fileID: 0}
  m_PrefabInternal: {fileID: 100100000}
  serializedVersion: 5
  m_Component:
  - component: {fileID: 4658358770057552}
  m_Layer: 0
  m_Name: mixamorig:LeftToe_End
  m_TagString: Untagged
  m_Icon: {fileID: 0}
  m_NavMeshLayer: 0
  m_StaticEditorFlags: 0
  m_IsActive: 1
--- !u!1 &1552490884039988
GameObject:
  m_ObjectHideFlags: 1
  m_PrefabParentObject: {fileID: 0}
  m_PrefabInternal: {fileID: 100100000}
  serializedVersion: 5
  m_Component:
  - component: {fileID: 4790111402907756}
  m_Layer: 0
  m_Name: mixamorig:Spine2
  m_TagString: Untagged
  m_Icon: {fileID: 0}
  m_NavMeshLayer: 0
  m_StaticEditorFlags: 0
  m_IsActive: 1
--- !u!1 &1571200848417162
GameObject:
  m_ObjectHideFlags: 1
  m_PrefabParentObject: {fileID: 0}
  m_PrefabInternal: {fileID: 100100000}
  serializedVersion: 5
  m_Component:
  - component: {fileID: 4531333580921106}
  m_Layer: 0
  m_Name: mixamorig:LeftHandIndex1
  m_TagString: Untagged
  m_Icon: {fileID: 0}
  m_NavMeshLayer: 0
  m_StaticEditorFlags: 0
  m_IsActive: 1
--- !u!1 &1573314366267442
GameObject:
  m_ObjectHideFlags: 1
  m_PrefabParentObject: {fileID: 0}
  m_PrefabInternal: {fileID: 100100000}
  serializedVersion: 5
  m_Component:
  - component: {fileID: 4203794189566324}
  m_Layer: 0
  m_Name: mixamorig:LeftToeBase
  m_TagString: Untagged
  m_Icon: {fileID: 0}
  m_NavMeshLayer: 0
  m_StaticEditorFlags: 0
  m_IsActive: 1
--- !u!1 &1601604234019860
GameObject:
  m_ObjectHideFlags: 1
  m_PrefabParentObject: {fileID: 0}
  m_PrefabInternal: {fileID: 100100000}
  serializedVersion: 5
  m_Component:
  - component: {fileID: 4337995946045124}
  m_Layer: 0
  m_Name: mixamorig:LeftHandIndex4
  m_TagString: Untagged
  m_Icon: {fileID: 0}
  m_NavMeshLayer: 0
  m_StaticEditorFlags: 0
  m_IsActive: 1
--- !u!1 &1619205380025900
GameObject:
  m_ObjectHideFlags: 1
  m_PrefabParentObject: {fileID: 0}
  m_PrefabInternal: {fileID: 100100000}
  serializedVersion: 5
  m_Component:
  - component: {fileID: 4383206626612914}
  m_Layer: 0
  m_Name: mixamorig:RightUpLeg
  m_TagString: Untagged
  m_Icon: {fileID: 0}
  m_NavMeshLayer: 0
  m_StaticEditorFlags: 0
  m_IsActive: 1
--- !u!1 &1663964002599652
GameObject:
  m_ObjectHideFlags: 1
  m_PrefabParentObject: {fileID: 0}
  m_PrefabInternal: {fileID: 100100000}
  serializedVersion: 5
  m_Component:
  - component: {fileID: 4837604658403836}
  m_Layer: 0
  m_Name: mixamorig:RightHandThumb4_end
  m_TagString: Untagged
  m_Icon: {fileID: 0}
  m_NavMeshLayer: 0
  m_StaticEditorFlags: 0
  m_IsActive: 1
--- !u!1 &1726232886224570
GameObject:
  m_ObjectHideFlags: 1
  m_PrefabParentObject: {fileID: 0}
  m_PrefabInternal: {fileID: 100100000}
  serializedVersion: 5
  m_Component:
  - component: {fileID: 4730155304340106}
  m_Layer: 0
  m_Name: RightHandEmpty
  m_TagString: Untagged
  m_Icon: {fileID: 0}
  m_NavMeshLayer: 0
  m_StaticEditorFlags: 0
  m_IsActive: 1
--- !u!1 &1775338466502532
GameObject:
  m_ObjectHideFlags: 1
  m_PrefabParentObject: {fileID: 0}
  m_PrefabInternal: {fileID: 100100000}
  serializedVersion: 5
  m_Component:
  - component: {fileID: 4355475427251608}
  m_Layer: 0
  m_Name: mixamorig:RightHandIndex2
  m_TagString: Untagged
  m_Icon: {fileID: 0}
  m_NavMeshLayer: 0
  m_StaticEditorFlags: 0
  m_IsActive: 1
--- !u!1 &1781893517705724
GameObject:
  m_ObjectHideFlags: 1
  m_PrefabParentObject: {fileID: 0}
  m_PrefabInternal: {fileID: 100100000}
  serializedVersion: 5
  m_Component:
  - component: {fileID: 4684025760256514}
  m_Layer: 0
  m_Name: mixamorig:LeftShoulder
  m_TagString: Untagged
  m_Icon: {fileID: 0}
  m_NavMeshLayer: 0
  m_StaticEditorFlags: 0
  m_IsActive: 1
--- !u!1 &1797171319103584
GameObject:
  m_ObjectHideFlags: 1
  m_PrefabParentObject: {fileID: 0}
  m_PrefabInternal: {fileID: 100100000}
  serializedVersion: 5
  m_Component:
  - component: {fileID: 4523712528684534}
  m_Layer: 0
  m_Name: mixamorig:LeftHandThumb4
  m_TagString: Untagged
  m_Icon: {fileID: 0}
  m_NavMeshLayer: 0
  m_StaticEditorFlags: 0
  m_IsActive: 1
--- !u!1 &1808092444802608
GameObject:
  m_ObjectHideFlags: 1
  m_PrefabParentObject: {fileID: 0}
  m_PrefabInternal: {fileID: 100100000}
  serializedVersion: 5
  m_Component:
  - component: {fileID: 4434912659912702}
  m_Layer: 0
  m_Name: mixamorig:RightHandIndex4
  m_TagString: Untagged
  m_Icon: {fileID: 0}
  m_NavMeshLayer: 0
  m_StaticEditorFlags: 0
  m_IsActive: 1
--- !u!1 &1822369488722506
GameObject:
  m_ObjectHideFlags: 1
  m_PrefabParentObject: {fileID: 0}
  m_PrefabInternal: {fileID: 100100000}
  serializedVersion: 5
  m_Component:
  - component: {fileID: 4348526001922240}
  m_Layer: 0
  m_Name: mixamorig:LeftHand
  m_TagString: Untagged
  m_Icon: {fileID: 0}
  m_NavMeshLayer: 0
  m_StaticEditorFlags: 0
  m_IsActive: 1
--- !u!1 &1832880875371942
GameObject:
  m_ObjectHideFlags: 1
  m_PrefabParentObject: {fileID: 0}
  m_PrefabInternal: {fileID: 100100000}
  serializedVersion: 5
  m_Component:
  - component: {fileID: 4379402280744276}
  m_Layer: 0
  m_Name: mixamorig:RightToe_End
  m_TagString: Untagged
  m_Icon: {fileID: 0}
  m_NavMeshLayer: 0
  m_StaticEditorFlags: 0
  m_IsActive: 1
--- !u!1 &1836926735048300
GameObject:
  m_ObjectHideFlags: 1
  m_PrefabParentObject: {fileID: 0}
  m_PrefabInternal: {fileID: 100100000}
  serializedVersion: 5
  m_Component:
  - component: {fileID: 4988565441247926}
  m_Layer: 0
  m_Name: mixamorig:RightHand
  m_TagString: Untagged
  m_Icon: {fileID: 0}
  m_NavMeshLayer: 0
  m_StaticEditorFlags: 0
  m_IsActive: 1
--- !u!1 &1857862851026658
GameObject:
  m_ObjectHideFlags: 1
  m_PrefabParentObject: {fileID: 0}
  m_PrefabInternal: {fileID: 100100000}
  serializedVersion: 5
  m_Component:
  - component: {fileID: 4085632020756280}
  m_Layer: 0
  m_Name: mixamorig:LeftHandIndex4_end
  m_TagString: Untagged
  m_Icon: {fileID: 0}
  m_NavMeshLayer: 0
  m_StaticEditorFlags: 0
  m_IsActive: 1
--- !u!1 &1860046368022122
GameObject:
  m_ObjectHideFlags: 1
  m_PrefabParentObject: {fileID: 0}
  m_PrefabInternal: {fileID: 100100000}
  serializedVersion: 5
  m_Component:
  - component: {fileID: 4356285070530296}
  m_Layer: 0
  m_Name: mixamorig:LeftHandIndex2
  m_TagString: Untagged
  m_Icon: {fileID: 0}
  m_NavMeshLayer: 0
  m_StaticEditorFlags: 0
  m_IsActive: 1
--- !u!1 &1866221347249430
GameObject:
  m_ObjectHideFlags: 1
  m_PrefabParentObject: {fileID: 0}
  m_PrefabInternal: {fileID: 100100000}
  serializedVersion: 5
  m_Component:
  - component: {fileID: 4797080298947344}
  m_Layer: 0
  m_Name: mixamorig:Hips
  m_TagString: Untagged
  m_Icon: {fileID: 0}
  m_NavMeshLayer: 0
  m_StaticEditorFlags: 0
  m_IsActive: 1
--- !u!1 &1933402001530892
GameObject:
  m_ObjectHideFlags: 1
  m_PrefabParentObject: {fileID: 0}
  m_PrefabInternal: {fileID: 100100000}
  serializedVersion: 5
  m_Component:
  - component: {fileID: 4381769394250110}
  m_Layer: 0
  m_Name: mixamorig:LeftHandThumb2
  m_TagString: Untagged
  m_Icon: {fileID: 0}
  m_NavMeshLayer: 0
  m_StaticEditorFlags: 0
  m_IsActive: 1
--- !u!1 &1945290806890536
GameObject:
  m_ObjectHideFlags: 1
  m_PrefabParentObject: {fileID: 0}
  m_PrefabInternal: {fileID: 100100000}
  serializedVersion: 5
  m_Component:
  - component: {fileID: 4617914076000454}
  m_Layer: 0
  m_Name: mixamorig:LeftHandThumb3
  m_TagString: Untagged
  m_Icon: {fileID: 0}
  m_NavMeshLayer: 0
  m_StaticEditorFlags: 0
  m_IsActive: 1
--- !u!1 &1950293164097380
GameObject:
  m_ObjectHideFlags: 1
  m_PrefabParentObject: {fileID: 0}
  m_PrefabInternal: {fileID: 100100000}
  serializedVersion: 5
  m_Component:
  - component: {fileID: 4538293229860164}
  m_Layer: 0
  m_Name: mixamorig:RightHandThumb2
  m_TagString: Untagged
  m_Icon: {fileID: 0}
  m_NavMeshLayer: 0
  m_StaticEditorFlags: 0
  m_IsActive: 1
--- !u!1 &1953280642558874
GameObject:
  m_ObjectHideFlags: 0
  m_PrefabParentObject: {fileID: 0}
  m_PrefabInternal: {fileID: 100100000}
  serializedVersion: 5
  m_Component:
  - component: {fileID: 4487595177083686}
  m_Layer: 0
  m_Name: Armature.001
  m_TagString: Untagged
  m_Icon: {fileID: 0}
  m_NavMeshLayer: 0
  m_StaticEditorFlags: 0
  m_IsActive: 1
--- !u!1 &1955323192417404
GameObject:
  m_ObjectHideFlags: 1
  m_PrefabParentObject: {fileID: 0}
  m_PrefabInternal: {fileID: 100100000}
  serializedVersion: 5
  m_Component:
  - component: {fileID: 4524405552878284}
  m_Layer: 0
  m_Name: mixamorig:RightHandThumb1
  m_TagString: Untagged
  m_Icon: {fileID: 0}
  m_NavMeshLayer: 0
  m_StaticEditorFlags: 0
  m_IsActive: 1
--- !u!4 &4007667105955262
Transform:
  m_ObjectHideFlags: 1
  m_PrefabParentObject: {fileID: 0}
  m_PrefabInternal: {fileID: 100100000}
  m_GameObject: {fileID: 1474941044586630}
  m_LocalRotation: {x: 0.00042202955, y: 0.002536402, z: 0.012550052, w: 0.999918}
  m_LocalPosition: {x: 1.7054844e-10, y: 0.12872127, z: 0.000099673714}
  m_LocalScale: {x: 1, y: 1, z: 1.0000001}
  m_Children:
  - {fileID: 4355475427251608}
  m_Father: {fileID: 4988565441247926}
  m_RootOrder: 0
  m_LocalEulerAnglesHint: {x: 0, y: 0, z: 0}
--- !u!4 &4055891906899062
Transform:
  m_ObjectHideFlags: 1
  m_PrefabParentObject: {fileID: 0}
  m_PrefabInternal: {fileID: 100100000}
  m_GameObject: {fileID: 1286476410374616}
  m_LocalRotation: {x: -0.00000019871064, y: 0.00025355353, z: 0.00000008709796, w: 1}
  m_LocalPosition: {x: 0.0000000015586828, y: 0.3317392, z: 0.000000109837565}
  m_LocalScale: {x: 1, y: 1, z: 1.0000001}
  m_Children:
  - {fileID: 4348526001922240}
  m_Father: {fileID: 4341021294035148}
  m_RootOrder: 0
  m_LocalEulerAnglesHint: {x: 0, y: 0, z: 0}
--- !u!4 &4085632020756280
Transform:
  m_ObjectHideFlags: 1
  m_PrefabParentObject: {fileID: 0}
  m_PrefabInternal: {fileID: 100100000}
  m_GameObject: {fileID: 1857862851026658}
  m_LocalRotation: {x: 0, y: -0, z: -0, w: 1}
  m_LocalPosition: {x: -0, y: 0.018574411, z: 0}
  m_LocalScale: {x: 1, y: 1, z: 1}
  m_Children: []
  m_Father: {fileID: 4337995946045124}
  m_RootOrder: 0
  m_LocalEulerAnglesHint: {x: 0, y: 0, z: 0}
--- !u!4 &4112416990592956
Transform:
  m_ObjectHideFlags: 1
  m_PrefabParentObject: {fileID: 0}
  m_PrefabInternal: {fileID: 100100000}
  m_GameObject: {fileID: 1180511352164390}
  m_LocalRotation: {x: 0.00000004284084, y: -2.0062409e-14, z: -1.3875838e-11, w: 1}
  m_LocalPosition: {x: -2.3616569e-11, y: 0.13331486, z: 0.000000002384185}
  m_LocalScale: {x: 1, y: 0.99999994, z: 1}
  m_Children:
  - {fileID: 4790111402907756}
  m_Father: {fileID: 4341927990517368}
  m_RootOrder: 0
  m_LocalEulerAnglesHint: {x: 0, y: 0, z: 0}
--- !u!4 &4116721238628234
Transform:
  m_ObjectHideFlags: 1
  m_PrefabParentObject: {fileID: 0}
  m_PrefabInternal: {fileID: 100100000}
  m_GameObject: {fileID: 1204795936065230}
  m_LocalRotation: {x: 1.11022296e-16, y: -6.926328e-20, z: 6.5319703e-19, w: 1}
  m_LocalPosition: {x: 2.5387588e-11, y: 0.1272235, z: 0.020171996}
  m_LocalScale: {x: 1, y: 1, z: 1}
  m_Children:
  - {fileID: 4454767936263394}
  m_Father: {fileID: 4855708996320508}
  m_RootOrder: 0
  m_LocalEulerAnglesHint: {x: 0, y: 0, z: 0}
--- !u!4 &4200658189753808
Transform:
  m_ObjectHideFlags: 1
  m_PrefabParentObject: {fileID: 0}
  m_PrefabInternal: {fileID: 100100000}
  m_GameObject: {fileID: 1054642060510010}
  m_LocalRotation: {x: 0.552222, y: 0.44238728, z: -0.5489605, w: 0.44495714}
  m_LocalPosition: {x: 0.07539531, y: 0.15428577, z: 0.0004993081}
  m_LocalScale: {x: 0.9999999, y: 0.9999998, z: 1}
  m_Children:
  - {fileID: 4233212594645954}
  m_Father: {fileID: 4790111402907756}
  m_RootOrder: 2
  m_LocalEulerAnglesHint: {x: 0, y: 0, z: 0}
--- !u!4 &4203794189566324
Transform:
  m_ObjectHideFlags: 1
  m_PrefabParentObject: {fileID: 0}
  m_PrefabInternal: {fileID: 100100000}
  m_GameObject: {fileID: 1573314366267442}
  m_LocalRotation: {x: 0.27782995, y: -0.025823364, z: 0.0074712033, w: 0.9602541}
  m_LocalPosition: {x: 0.0000000123865895, y: 0.13130228, z: -2.9802322e-10}
  m_LocalScale: {x: 0.99999994, y: 1, z: 1}
  m_Children:
  - {fileID: 4658358770057552}
  m_Father: {fileID: 4550420627816870}
  m_RootOrder: 0
  m_LocalEulerAnglesHint: {x: 0, y: 0, z: 0}
--- !u!4 &4233212594645954
Transform:
  m_ObjectHideFlags: 1
  m_PrefabParentObject: {fileID: 0}
  m_PrefabInternal: {fileID: 100100000}
  m_GameObject: {fileID: 1028063238417236}
  m_LocalRotation: {x: -0.10693011, y: 0.0009193393, z: -0.0030517427, w: 0.9942615}
  m_LocalPosition: {x: 0.000000008642673, y: 0.15498479, z: -0.00000009149313}
  m_LocalScale: {x: 1, y: 1, z: 0.99999994}
  m_Children:
  - {fileID: 4783662665990976}
  m_Father: {fileID: 4200658189753808}
  m_RootOrder: 0
  m_LocalEulerAnglesHint: {x: 0, y: 0, z: 0}
--- !u!4 &4276427121595806
Transform:
  m_ObjectHideFlags: 1
  m_PrefabParentObject: {fileID: 0}
  m_PrefabInternal: {fileID: 100100000}
  m_GameObject: {fileID: 1415429679342000}
  m_LocalRotation: {x: -0.013338593, y: -0.00021660146, z: 0.00873354, w: 0.9998729}
  m_LocalPosition: {x: -0.0000000063469634, y: 0.3958506, z: -9.546056e-10}
  m_LocalScale: {x: 1.0000001, y: 0.99999976, z: 1}
  m_Children:
  - {fileID: 4550420627816870}
  m_Father: {fileID: 4403355773770762}
  m_RootOrder: 0
  m_LocalEulerAnglesHint: {x: 0, y: 0, z: 0}
--- !u!4 &4294216288830502
Transform:
  m_ObjectHideFlags: 1
  m_PrefabParentObject: {fileID: 0}
  m_PrefabInternal: {fileID: 100100000}
  m_GameObject: {fileID: 1290106829746664}
  m_LocalRotation: {x: 0, y: -0, z: -0, w: 1}
  m_LocalPosition: {x: -0, y: 0.33577332, z: 0}
  m_LocalScale: {x: 1, y: 1, z: 1}
  m_Children: []
  m_Father: {fileID: 4454767936263394}
  m_RootOrder: 0
  m_LocalEulerAnglesHint: {x: 0, y: 0, z: 0}
--- !u!4 &4307169768842058
Transform:
  m_ObjectHideFlags: 1
  m_PrefabParentObject: {fileID: 0}
  m_PrefabInternal: {fileID: 100100000}
  m_GameObject: {fileID: 1246639400248232}
  m_LocalRotation: {x: 0.29315722, y: 0.027854726, z: -0.008544841, w: 0.9556202}
  m_LocalPosition: {x: 0.0000000072084365, y: 0.1252146, z: 0.0000000017881393}
  m_LocalScale: {x: 1, y: 1.0000002, z: 1.0000001}
  m_Children:
  - {fileID: 4379402280744276}
  m_Father: {fileID: 4374867351495456}
  m_RootOrder: 0
  m_LocalEulerAnglesHint: {x: 0, y: 0, z: 0}
--- !u!4 &4307757137241512
Transform:
  m_ObjectHideFlags: 1
  m_PrefabParentObject: {fileID: 0}
  m_PrefabInternal: {fileID: 100100000}
  m_GameObject: {fileID: 1509899524891978}
  m_LocalRotation: {x: -0.0029540006, y: -0.022109577, z: 0.17306854, w: 0.98465717}
  m_LocalPosition: {x: -0.0012982207, y: 0.031356506, z: -0.000000021457671}
  m_LocalScale: {x: 0.99999994, y: 1.0000001, z: 1.0000001}
  m_Children:
  - {fileID: 4517656969202120}
  m_Father: {fileID: 4538293229860164}
  m_RootOrder: 0
  m_LocalEulerAnglesHint: {x: 0, y: 0, z: 0}
--- !u!4 &4337995946045124
Transform:
  m_ObjectHideFlags: 1
  m_PrefabParentObject: {fileID: 0}
  m_PrefabInternal: {fileID: 100100000}
  m_GameObject: {fileID: 1601604234019860}
  m_LocalRotation: {x: -0.000000015595617, y: 0.0000001416011, z: 0.000000020656216,
    w: 1}
  m_LocalPosition: {x: 0.00009986758, y: 0.01857437, z: -0.00000014516844}
  m_LocalScale: {x: 1, y: 1, z: 1}
  m_Children:
  - {fileID: 4085632020756280}
  m_Father: {fileID: 4913827801878238}
  m_RootOrder: 0
  m_LocalEulerAnglesHint: {x: 0, y: 0, z: 0}
--- !u!4 &4341021294035148
Transform:
  m_ObjectHideFlags: 1
  m_PrefabParentObject: {fileID: 0}
  m_PrefabInternal: {fileID: 100100000}
  m_GameObject: {fileID: 1472912040299920}
  m_LocalRotation: {x: -0.10685993, y: -0.0010932842, z: 0.004418331, w: 0.9942637}
  m_LocalPosition: {x: -0.0000000013411044, y: 0.15498474, z: 0.00000016406179}
  m_LocalScale: {x: 0.99999976, y: 0.99999994, z: 0.9999998}
  m_Children:
  - {fileID: 4055891906899062}
  m_Father: {fileID: 4684025760256514}
  m_RootOrder: 0
  m_LocalEulerAnglesHint: {x: 0, y: 0, z: 0}
--- !u!4 &4341927990517368
Transform:
  m_ObjectHideFlags: 1
  m_PrefabParentObject: {fileID: 0}
  m_PrefabInternal: {fileID: 100100000}
  m_GameObject: {fileID: 1405140837671554}
  m_LocalRotation: {x: 0.016529756, y: 0.0000005466396, z: -0.0000365099, w: 0.9998634}
  m_LocalPosition: {x: -8.722054e-12, y: 0.114241436, z: 0.0037947362}
  m_LocalScale: {x: 1, y: 1, z: 0.99999994}
  m_Children:
  - {fileID: 4112416990592956}
  m_Father: {fileID: 4797080298947344}
  m_RootOrder: 2
  m_LocalEulerAnglesHint: {x: 0, y: 0, z: 0}
--- !u!4 &4348526001922240
Transform:
  m_ObjectHideFlags: 1
  m_PrefabParentObject: {fileID: 0}
  m_PrefabInternal: {fileID: 100100000}
  m_GameObject: {fileID: 1822369488722506}
  m_LocalRotation: {x: 0.000000367321, y: 0.040657647, z: -0.00000008548189, w: 0.99917316}
  m_LocalPosition: {x: -0.0000000012539249, y: 0.2645328, z: 0.000000029416986}
  m_LocalScale: {x: 0.99999994, y: 1.0000001, z: 0.99999994}
  m_Children:
  - {fileID: 4531333580921106}
  - {fileID: 4774332276489728}
  m_Father: {fileID: 4055891906899062}
  m_RootOrder: 0
  m_LocalEulerAnglesHint: {x: 0, y: 0, z: 0}
--- !u!4 &4355475427251608
Transform:
  m_ObjectHideFlags: 1
  m_PrefabParentObject: {fileID: 0}
  m_PrefabInternal: {fileID: 100100000}
  m_GameObject: {fileID: 1775338466502532}
  m_LocalRotation: {x: 0.000012760673, y: 0.0011751736, z: -0.01650149, w: 0.99986315}
  m_LocalPosition: {x: 0.0005991602, y: 0.023866888, z: -0.00000019626924}
  m_LocalScale: {x: 1, y: 0.99999994, z: 0.99999994}
  m_Children:
  - {fileID: 4395681153488204}
  m_Father: {fileID: 4007667105955262}
  m_RootOrder: 0
  m_LocalEulerAnglesHint: {x: 0, y: 0, z: 0}
--- !u!4 &4356285070530296
Transform:
  m_ObjectHideFlags: 1
  m_PrefabParentObject: {fileID: 0}
  m_PrefabInternal: {fileID: 100100000}
  m_GameObject: {fileID: 1860046368022122}
  m_LocalRotation: {x: -0.00000037636556, y: -0.00020330082, z: 0.010398668, w: 0.99994594}
  m_LocalPosition: {x: -0.0002995801, y: 0.023966739, z: -0.000000100725444}
  m_LocalScale: {x: 1, y: 1, z: 1}
  m_Children:
  - {fileID: 4913827801878238}
  m_Father: {fileID: 4531333580921106}
  m_RootOrder: 0
  m_LocalEulerAnglesHint: {x: 0, y: 0, z: 0}
--- !u!4 &4374299968445980
Transform:
  m_ObjectHideFlags: 1
  m_PrefabParentObject: {fileID: 0}
  m_PrefabInternal: {fileID: 100100000}
  m_GameObject: {fileID: 1304286338895800}
  m_LocalRotation: {x: -0.42496255, y: 0.49858782, z: 0.3767706, w: 0.65487474}
  m_LocalPosition: {x: -0.053, y: 0.049, z: 0.007}
  m_LocalScale: {x: 1, y: 1, z: 1}
  m_Children: []
  m_Father: {fileID: 4538293229860164}
  m_RootOrder: 1
  m_LocalEulerAnglesHint: {x: -68.796005, y: 66.94601, z: 11.113001}
--- !u!4 &4374867351495456
Transform:
  m_ObjectHideFlags: 1
  m_PrefabParentObject: {fileID: 0}
  m_PrefabInternal: {fileID: 100100000}
  m_GameObject: {fileID: 1430272253821628}
  m_LocalRotation: {x: 0.4750358, y: -0.026703922, z: 0.02622575, w: 0.8791701}
  m_LocalPosition: {x: -0.000000003771856, y: 0.35700434, z: -0.0000000013393583}
  m_LocalScale: {x: 0.99999994, y: 0.9999999, z: 0.99999994}
  m_Children:
  - {fileID: 4307169768842058}
  m_Father: {fileID: 4844625852114240}
  m_RootOrder: 0
  m_LocalEulerAnglesHint: {x: 0, y: 0, z: 0}
--- !u!4 &4379402280744276
Transform:
  m_ObjectHideFlags: 1
  m_PrefabParentObject: {fileID: 0}
  m_PrefabInternal: {fileID: 100100000}
  m_GameObject: {fileID: 1832880875371942}
  m_LocalRotation: {x: -0.0000007539056, y: -0.0000008427305, z: 0.00000022974565,
    w: 1}
  m_LocalPosition: {x: 0.000000011697411, y: 0.050222673, z: 0.000000001490116}
  m_LocalScale: {x: 1, y: 1, z: 1}
  m_Children:
  - {fileID: 4473833476732278}
  m_Father: {fileID: 4307169768842058}
  m_RootOrder: 0
  m_LocalEulerAnglesHint: {x: 0, y: 0, z: 0}
--- !u!4 &4381769394250110
Transform:
  m_ObjectHideFlags: 1
  m_PrefabParentObject: {fileID: 0}
  m_PrefabInternal: {fileID: 100100000}
  m_GameObject: {fileID: 1933402001530892}
  m_LocalRotation: {x: 0.0011753696, y: 0.010706366, z: 0.022600628, w: 0.99968654}
  m_LocalPosition: {x: 0.0027960837, y: 0.032155495, z: 0.00000008404255}
  m_LocalScale: {x: 1.0000001, y: 1, z: 1}
  m_Children:
  - {fileID: 4617914076000454}
  - {fileID: 4512356193372666}
  m_Father: {fileID: 4774332276489728}
  m_RootOrder: 0
  m_LocalEulerAnglesHint: {x: 0, y: 0, z: 0}
--- !u!4 &4383206626612914
Transform:
  m_ObjectHideFlags: 1
  m_PrefabParentObject: {fileID: 0}
  m_PrefabInternal: {fileID: 100100000}
  m_GameObject: {fileID: 1619205380025900}
  m_LocalRotation: {x: 0.00017297795, y: -0.009650914, z: 0.999945, w: -0.004117223}
  m_LocalPosition: {x: 0.0818863, y: -0.06341193, z: -0.0065908465}
  m_LocalScale: {x: 1.0000273, y: 1.0000004, z: 1.0001562}
  m_Children:
  - {fileID: 4844625852114240}
  m_Father: {fileID: 4797080298947344}
  m_RootOrder: 1
  m_LocalEulerAnglesHint: {x: 0, y: 0, z: 0}
--- !u!4 &4395681153488204
Transform:
  m_ObjectHideFlags: 1
  m_PrefabParentObject: {fileID: 0}
  m_PrefabInternal: {fileID: 100100000}
  m_GameObject: {fileID: 1356683531860300}
  m_LocalRotation: {x: -0.00002140716, y: 0.0010758896, z: -0.0078095463, w: 0.99996895}
  m_LocalPosition: {x: -0.0001997292, y: 0.025264872, z: -0.00000007981667}
  m_LocalScale: {x: 1, y: 0.99999994, z: 0.99999994}
  m_Children:
  - {fileID: 4434912659912702}
  m_Father: {fileID: 4355475427251608}
  m_RootOrder: 0
  m_LocalEulerAnglesHint: {x: 0, y: 0, z: 0}
--- !u!4 &4403355773770762
Transform:
  m_ObjectHideFlags: 1
  m_PrefabParentObject: {fileID: 0}
  m_PrefabInternal: {fileID: 100100000}
  m_GameObject: {fileID: 1233648070876374}
  m_LocalRotation: {x: -0.00038123422, y: -0.008347342, z: 0.99995637, w: 0.0041851713}
  m_LocalPosition: {x: -0.08188632, y: -0.06341188, z: -0.008887657}
  m_LocalScale: {x: 1.0000212, y: 1.0000006, z: 1.0001891}
  m_Children:
  - {fileID: 4276427121595806}
  m_Father: {fileID: 4797080298947344}
  m_RootOrder: 0
  m_LocalEulerAnglesHint: {x: 0, y: 0, z: 0}
--- !u!4 &4416401302215924
Transform:
  m_ObjectHideFlags: 1
  m_PrefabParentObject: {fileID: 0}
  m_PrefabInternal: {fileID: 100100000}
  m_GameObject: {fileID: 1353358963597956}
  m_LocalRotation: {x: -0.49982446, y: 0.5001755, z: 0.50003254, w: 0.49996746}
  m_LocalPosition: {x: -0, y: 1.3428253, z: 0.00000024902295}
  m_LocalScale: {x: 11.950152, y: 11.950152, z: 11.950151}
  m_Children: []
  m_Father: {fileID: 4857642850514284}
  m_RootOrder: 1
  m_LocalEulerAnglesHint: {x: 0, y: 0, z: 0}
--- !u!4 &4434912659912702
Transform:
  m_ObjectHideFlags: 1
  m_PrefabParentObject: {fileID: 0}
  m_PrefabInternal: {fileID: 100100000}
  m_GameObject: {fileID: 1808092444802608}
  m_LocalRotation: {x: 0.000000048851696, y: 0.0000000028901752, z: -0.0000000013715181,
    w: 1}
  m_LocalPosition: {x: -0.00039946078, y: 0.016976442, z: -0.000000083746855}
  m_LocalScale: {x: 1, y: 0.99999994, z: 0.99999994}
  m_Children:
  - {fileID: 4503281320787550}
  m_Father: {fileID: 4395681153488204}
  m_RootOrder: 0
  m_LocalEulerAnglesHint: {x: 0, y: 0, z: 0}
--- !u!4 &4454767936263394
Transform:
  m_ObjectHideFlags: 1
  m_PrefabParentObject: {fileID: 0}
  m_PrefabInternal: {fileID: 100100000}
  m_GameObject: {fileID: 1455458848143802}
  m_LocalRotation: {x: 1.11022296e-16, y: -6.926328e-20, z: 6.5319703e-19, w: 1}
  m_LocalPosition: {x: 3.0895373e-11, y: 0.33163986, z: 0.052527085}
  m_LocalScale: {x: 1, y: 1, z: 1}
  m_Children:
  - {fileID: 4294216288830502}
  m_Father: {fileID: 4116721238628234}
  m_RootOrder: 0
  m_LocalEulerAnglesHint: {x: 0, y: 0, z: 0}
--- !u!4 &4473833476732278
Transform:
  m_ObjectHideFlags: 1
  m_PrefabParentObject: {fileID: 0}
  m_PrefabInternal: {fileID: 100100000}
  m_GameObject: {fileID: 1004057423319948}
  m_LocalRotation: {x: 0, y: -0, z: -0, w: 1}
  m_LocalPosition: {x: -0, y: 0.050230265, z: 0}
  m_LocalScale: {x: 1, y: 1, z: 1}
  m_Children: []
  m_Father: {fileID: 4379402280744276}
  m_RootOrder: 0
  m_LocalEulerAnglesHint: {x: 0, y: 0, z: 0}
--- !u!4 &4487595177083686
Transform:
  m_ObjectHideFlags: 1
  m_PrefabParentObject: {fileID: 0}
  m_PrefabInternal: {fileID: 100100000}
  m_GameObject: {fileID: 1953280642558874}
  m_LocalRotation: {x: 0.000000081460335, y: -0, z: -0, w: 1}
  m_LocalPosition: {x: -0, y: 0, z: 0}
  m_LocalScale: {x: 0.98194593, y: 0.98194593, z: 0.98194593}
  m_Children:
  - {fileID: 4797080298947344}
  m_Father: {fileID: 4857642850514284}
  m_RootOrder: 0
  m_LocalEulerAnglesHint: {x: 0, y: 0, z: 0}
--- !u!4 &4503281320787550
Transform:
  m_ObjectHideFlags: 1
  m_PrefabParentObject: {fileID: 0}
  m_PrefabInternal: {fileID: 100100000}
  m_GameObject: {fileID: 1094211630188202}
  m_LocalRotation: {x: 0, y: -0, z: -0, w: 1}
  m_LocalPosition: {x: -0, y: 0.016981246, z: 0}
  m_LocalScale: {x: 1, y: 1, z: 1}
  m_Children: []
  m_Father: {fileID: 4434912659912702}
  m_RootOrder: 0
  m_LocalEulerAnglesHint: {x: 0, y: 0, z: 0}
--- !u!4 &4512356193372666
Transform:
  m_ObjectHideFlags: 1
  m_PrefabParentObject: {fileID: 0}
  m_PrefabInternal: {fileID: 100100000}
  m_GameObject: {fileID: 1482949055055688}
  m_LocalRotation: {x: 0, y: 0, z: 0, w: 1}
  m_LocalPosition: {x: 0, y: 0, z: 0}
  m_LocalScale: {x: 1, y: 1, z: 1}
  m_Children: []
  m_Father: {fileID: 4381769394250110}
  m_RootOrder: 1
  m_LocalEulerAnglesHint: {x: 0, y: 0, z: 0}
--- !u!4 &4517656969202120
Transform:
  m_ObjectHideFlags: 1
  m_PrefabParentObject: {fileID: 0}
  m_PrefabInternal: {fileID: 100100000}
  m_GameObject: {fileID: 1019296465312916}
  m_LocalRotation: {x: 0.000000040978193, y: 0.00000010617078, z: -0.0000002011657,
    w: 1}
  m_LocalPosition: {x: 0.006291165, y: 0.019872382, z: 0.00000002503395}
  m_LocalScale: {x: 0.99999994, y: 1, z: 1}
  m_Children:
  - {fileID: 4837604658403836}
  m_Father: {fileID: 4307757137241512}
  m_RootOrder: 0
  m_LocalEulerAnglesHint: {x: 0, y: 0, z: 0}
--- !u!4 &4523712528684534
Transform:
  m_ObjectHideFlags: 1
  m_PrefabParentObject: {fileID: 0}
  m_PrefabInternal: {fileID: 100100000}
  m_GameObject: {fileID: 1797171319103584}
  m_LocalRotation: {x: 0.0000056624413, y: -0.00000005215407, z: 0.000000970438, w: 1}
  m_LocalPosition: {x: -0.0071900557, y: 0.022968167, z: 0.00000013589859}
  m_LocalScale: {x: 1, y: 1, z: 0.9999999}
  m_Children:
  - {fileID: 4601990506122366}
  m_Father: {fileID: 4617914076000454}
  m_RootOrder: 0
  m_LocalEulerAnglesHint: {x: 0, y: 0, z: 0}
--- !u!4 &4524405552878284
Transform:
  m_ObjectHideFlags: 1
  m_PrefabParentObject: {fileID: 0}
  m_PrefabInternal: {fileID: 100100000}
  m_GameObject: {fileID: 1955323192417404}
  m_LocalRotation: {x: 0.22577904, y: 0.10769109, z: 0.17278993, w: 0.9526648}
  m_LocalPosition: {x: -0.02856035, y: 0.02955891, z: 0.011584096}
  m_LocalScale: {x: 1.0000001, y: 1, z: 1.0000001}
  m_Children:
  - {fileID: 4538293229860164}
  m_Father: {fileID: 4988565441247926}
  m_RootOrder: 1
  m_LocalEulerAnglesHint: {x: 0, y: 0, z: 0}
--- !u!4 &4531333580921106
Transform:
  m_ObjectHideFlags: 1
  m_PrefabParentObject: {fileID: 0}
  m_PrefabInternal: {fileID: 100100000}
  m_GameObject: {fileID: 1571200848417162}
  m_LocalRotation: {x: 0.0000064734186, y: -0.00019889444, z: -0.0062494203, w: 0.99998045}
  m_LocalPosition: {x: 8.8548405e-11, y: 0.13071842, z: -0.00000012232573}
  m_LocalScale: {x: 1, y: 1.0000001, z: 1}
  m_Children:
  - {fileID: 4356285070530296}
  m_Father: {fileID: 4348526001922240}
  m_RootOrder: 0
  m_LocalEulerAnglesHint: {x: 0, y: 0, z: 0}
--- !u!4 &4538293229860164
Transform:
  m_ObjectHideFlags: 1
  m_PrefabParentObject: {fileID: 0}
  m_PrefabInternal: {fileID: 100100000}
  m_GameObject: {fileID: 1950293164097380}
  m_LocalRotation: {x: 0.00080075953, y: -0.008438305, z: 0.052505344, w: 0.9985847}
  m_LocalPosition: {x: -0.0049930764, y: 0.033852983, z: 2.9802322e-10}
  m_LocalScale: {x: 0.99999994, y: 1.0000001, z: 0.99999994}
  m_Children:
  - {fileID: 4307757137241512}
  - {fileID: 4374299968445980}
  - {fileID: 4730155304340106}
  m_Father: {fileID: 4524405552878284}
  m_RootOrder: 0
  m_LocalEulerAnglesHint: {x: 0, y: 0, z: 0}
--- !u!4 &4550420627816870
Transform:
  m_ObjectHideFlags: 1
  m_PrefabParentObject: {fileID: 0}
  m_PrefabInternal: {fileID: 100100000}
  m_GameObject: {fileID: 1456704317321406}
  m_LocalRotation: {x: 0.48795813, y: 0.023541732, z: -0.025733877, w: 0.87217}
  m_LocalPosition: {x: 0.0000000053085385, y: 0.35690442, z: -0.000000003746245}
  m_LocalScale: {x: 1.0000001, y: 1.0000001, z: 1.0000001}
  m_Children:
  - {fileID: 4203794189566324}
  m_Father: {fileID: 4276427121595806}
  m_RootOrder: 0
  m_LocalEulerAnglesHint: {x: 0, y: 0, z: 0}
--- !u!4 &4601990506122366
Transform:
  m_ObjectHideFlags: 1
  m_PrefabParentObject: {fileID: 0}
  m_PrefabInternal: {fileID: 100100000}
  m_GameObject: {fileID: 1350370412444694}
  m_LocalRotation: {x: 0, y: -0, z: -0, w: 1}
  m_LocalPosition: {x: -0, y: 0.024067333, z: 0}
  m_LocalScale: {x: 1, y: 1, z: 1}
  m_Children: []
  m_Father: {fileID: 4523712528684534}
  m_RootOrder: 0
  m_LocalEulerAnglesHint: {x: 0, y: 0, z: 0}
--- !u!4 &4617914076000454
Transform:
  m_ObjectHideFlags: 1
  m_PrefabParentObject: {fileID: 0}
  m_PrefabInternal: {fileID: 100100000}
  m_GameObject: {fileID: 1945290806890536}
  m_LocalRotation: {x: -0.0012756631, y: 0.014812284, z: -0.21592481, w: 0.97629684}
  m_LocalPosition: {x: 0.0042940304, y: 0.032355085, z: -0.00000020265578}
  m_LocalScale: {x: 1, y: 1, z: 1}
  m_Children:
  - {fileID: 4523712528684534}
  m_Father: {fileID: 4381769394250110}
  m_RootOrder: 0
  m_LocalEulerAnglesHint: {x: 0, y: 0, z: 0}
--- !u!4 &4658358770057552
Transform:
  m_ObjectHideFlags: 1
  m_PrefabParentObject: {fileID: 0}
  m_PrefabInternal: {fileID: 100100000}
  m_GameObject: {fileID: 1515472414929702}
  m_LocalRotation: {x: 0.00000070512755, y: 0.0000006643241, z: -0.000000048079528,
    w: 1}
  m_LocalPosition: {x: 0.000000009909272, y: 0.052018203, z: 0}
  m_LocalScale: {x: 1, y: 1, z: 1}
  m_Children:
  - {fileID: 4684654544594204}
  m_Father: {fileID: 4203794189566324}
  m_RootOrder: 0
  m_LocalEulerAnglesHint: {x: 0, y: 0, z: 0}
--- !u!4 &4684025760256514
Transform:
  m_ObjectHideFlags: 1
  m_PrefabParentObject: {fileID: 0}
  m_PrefabInternal: {fileID: 100100000}
  m_GameObject: {fileID: 1781893517705724}
  m_LocalRotation: {x: 0.5529418, y: -0.44182432, z: 0.5481926, w: 0.4455689}
  m_LocalPosition: {x: -0.07539531, y: 0.1542858, z: 0.0006990361}
  m_LocalScale: {x: 1, y: 0.99999994, z: 0.99999994}
  m_Children:
  - {fileID: 4341021294035148}
  m_Father: {fileID: 4790111402907756}
  m_RootOrder: 0
  m_LocalEulerAnglesHint: {x: 0, y: 0, z: 0}
--- !u!4 &4684654544594204
Transform:
  m_ObjectHideFlags: 1
  m_PrefabParentObject: {fileID: 0}
  m_PrefabInternal: {fileID: 100100000}
  m_GameObject: {fileID: 1385352061795692}
  m_LocalRotation: {x: 0, y: -0, z: -0, w: 1}
  m_LocalPosition: {x: -0, y: 0.052027762, z: 0}
  m_LocalScale: {x: 1, y: 1, z: 1}
  m_Children: []
  m_Father: {fileID: 4658358770057552}
  m_RootOrder: 0
  m_LocalEulerAnglesHint: {x: 0, y: 0, z: 0}
--- !u!4 &4730155304340106
Transform:
  m_ObjectHideFlags: 1
  m_PrefabParentObject: {fileID: 0}
  m_PrefabInternal: {fileID: 100100000}
  m_GameObject: {fileID: 1726232886224570}
  m_LocalRotation: {x: 0, y: 0, z: 0, w: 1}
  m_LocalPosition: {x: 0, y: 0, z: 0}
  m_LocalScale: {x: 1, y: 1, z: 1}
  m_Children: []
  m_Father: {fileID: 4538293229860164}
  m_RootOrder: 2
  m_LocalEulerAnglesHint: {x: 0, y: 0, z: 0}
--- !u!4 &4774332276489728
Transform:
  m_ObjectHideFlags: 1
  m_PrefabParentObject: {fileID: 0}
  m_PrefabInternal: {fileID: 100100000}
  m_GameObject: {fileID: 1488175637234448}
  m_LocalRotation: {x: 0.2216943, y: -0.097717054, z: -0.20760457, w: 0.9477359}
  m_LocalPosition: {x: 0.026163677, y: 0.029159456, z: 0.009786286}
  m_LocalScale: {x: 1, y: 1, z: 1}
  m_Children:
  - {fileID: 4381769394250110}
  m_Father: {fileID: 4348526001922240}
  m_RootOrder: 1
  m_LocalEulerAnglesHint: {x: 0, y: 0, z: 0}
--- !u!4 &4783662665990976
Transform:
  m_ObjectHideFlags: 1
  m_PrefabParentObject: {fileID: 0}
  m_PrefabInternal: {fileID: 100100000}
  m_GameObject: {fileID: 1206724624369890}
  m_LocalRotation: {x: 0.000000028903818, y: -0.0002605934, z: -0.000000041206565,
    w: 1}
  m_LocalPosition: {x: 0.0000000043880837, y: 0.3317395, z: -0.00000020109698}
  m_LocalScale: {x: 1, y: 1, z: 1}
  m_Children:
  - {fileID: 4988565441247926}
  m_Father: {fileID: 4233212594645954}
  m_RootOrder: 0
  m_LocalEulerAnglesHint: {x: 0, y: 0, z: 0}
--- !u!4 &4790111402907756
Transform:
  m_ObjectHideFlags: 1
  m_PrefabParentObject: {fileID: 0}
  m_PrefabInternal: {fileID: 100100000}
  m_GameObject: {fileID: 1552490884039988}
  m_LocalRotation: {x: -0.000000031664968, y: -4.3368087e-19, z: 3.0493186e-20, w: 1}
  m_LocalPosition: {x: -1.7227966e-11, y: 0.15238844, z: -0.0000000023841864}
  m_LocalScale: {x: 1, y: 1, z: 1}
  m_Children:
  - {fileID: 4684025760256514}
  - {fileID: 4855708996320508}
  - {fileID: 4200658189753808}
  m_Father: {fileID: 4112416990592956}
  m_RootOrder: 0
  m_LocalEulerAnglesHint: {x: 0, y: 0, z: 0}
--- !u!4 &4797080298947344
Transform:
  m_ObjectHideFlags: 1
  m_PrefabParentObject: {fileID: 0}
  m_PrefabInternal: {fileID: 100100000}
  m_GameObject: {fileID: 1866221347249430}
  m_LocalRotation: {x: -0.0000005118327, y: -0.0000011500476, z: 0.000036495887, w: 1}
  m_LocalPosition: {x: 0.00020694244, y: 0.87314594, z: -0.04382403}
  m_LocalScale: {x: 1, y: 1, z: 1}
  m_Children:
  - {fileID: 4403355773770762}
  - {fileID: 4383206626612914}
  - {fileID: 4341927990517368}
  m_Father: {fileID: 4487595177083686}
  m_RootOrder: 0
  m_LocalEulerAnglesHint: {x: 0, y: 0, z: 0}
--- !u!4 &4837604658403836
Transform:
  m_ObjectHideFlags: 1
  m_PrefabParentObject: {fileID: 0}
  m_PrefabInternal: {fileID: 100100000}
  m_GameObject: {fileID: 1663964002599652}
  m_LocalRotation: {x: 0, y: -0, z: -0, w: 1}
  m_LocalPosition: {x: -0, y: 0.020844452, z: 0}
  m_LocalScale: {x: 1, y: 1, z: 1}
  m_Children: []
  m_Father: {fileID: 4517656969202120}
  m_RootOrder: 0
  m_LocalEulerAnglesHint: {x: 0, y: 0, z: 0}
--- !u!4 &4844625852114240
Transform:
  m_ObjectHideFlags: 1
  m_PrefabParentObject: {fileID: 0}
  m_PrefabInternal: {fileID: 100100000}
  m_GameObject: {fileID: 1198718587367038}
  m_LocalRotation: {x: -0.013807557, y: 0.0002088037, z: -0.008739109, w: 0.9998665}
  m_LocalPosition: {x: 0.000000009394716, y: 0.39585024, z: 0.0000000015553087}
  m_LocalScale: {x: 1, y: 0.99999994, z: 1}
  m_Children:
  - {fileID: 4374867351495456}
  m_Father: {fileID: 4383206626612914}
  m_RootOrder: 0
  m_LocalEulerAnglesHint: {x: 0, y: 0, z: 0}
--- !u!4 &4855708996320508
Transform:
  m_ObjectHideFlags: 1
  m_PrefabParentObject: {fileID: 0}
  m_PrefabInternal: {fileID: 100100000}
  m_GameObject: {fileID: 1105665658252930}
  m_LocalRotation: {x: -0.016529253, y: -7.4180435e-14, z: 7.505583e-12, w: 0.9998634}
  m_LocalPosition: {x: -1.701611e-11, y: 0.17146195, z: 0.000000002384185}
  m_LocalScale: {x: 1, y: 0.99999994, z: 0.99999994}
  m_Children:
  - {fileID: 4116721238628234}
  m_Father: {fileID: 4790111402907756}
  m_RootOrder: 1
  m_LocalEulerAnglesHint: {x: 0, y: 0, z: 0}
--- !u!4 &4857642850514284
Transform:
  m_ObjectHideFlags: 1
  m_PrefabParentObject: {fileID: 0}
  m_PrefabInternal: {fileID: 100100000}
  m_GameObject: {fileID: 1318363039881680}
  m_LocalRotation: {x: 0, y: 0, z: 0, w: 1}
  m_LocalPosition: {x: 0, y: 0, z: 0}
  m_LocalScale: {x: 1, y: 1, z: 1}
  m_Children:
  - {fileID: 4487595177083686}
  - {fileID: 4416401302215924}
  m_Father: {fileID: 0}
  m_RootOrder: 0
  m_LocalEulerAnglesHint: {x: 0, y: 0, z: 0}
--- !u!4 &4913827801878238
Transform:
  m_ObjectHideFlags: 1
  m_PrefabParentObject: {fileID: 0}
  m_PrefabInternal: {fileID: 100100000}
  m_GameObject: {fileID: 1239994319520564}
  m_LocalRotation: {x: -0.0000021120259, y: -0.00038268615, z: -0.0014610686, w: 0.99999887}
  m_LocalPosition: {x: 0.00019972681, y: 0.024066623, z: -0.00000048683125}
  m_LocalScale: {x: 0.99999994, y: 0.9999999, z: 0.99999994}
  m_Children:
  - {fileID: 4337995946045124}
  m_Father: {fileID: 4356285070530296}
  m_RootOrder: 0
  m_LocalEulerAnglesHint: {x: 0, y: 0, z: 0}
--- !u!4 &4988565441247926
Transform:
  m_ObjectHideFlags: 1
  m_PrefabParentObject: {fileID: 0}
  m_PrefabInternal: {fileID: 100100000}
  m_GameObject: {fileID: 1836926735048300}
  m_LocalRotation: {x: -0.0003868254, y: -0.05609755, z: -0.00002169449, w: 0.99842525}
  m_LocalPosition: {x: 0.00000000175261, y: 0.26453277, z: -0.00000019247877}
  m_LocalScale: {x: 1, y: 1, z: 1}
  m_Children:
  - {fileID: 4007667105955262}
  - {fileID: 4524405552878284}
  m_Father: {fileID: 4783662665990976}
  m_RootOrder: 0
  m_LocalEulerAnglesHint: {x: 0, y: 0, z: 0}
--- !u!23 &23408327625935534
MeshRenderer:
  m_ObjectHideFlags: 1
  m_PrefabParentObject: {fileID: 0}
  m_PrefabInternal: {fileID: 100100000}
  m_GameObject: {fileID: 1304286338895800}
  m_Enabled: 1
  m_CastShadows: 1
  m_ReceiveShadows: 1
  m_DynamicOccludee: 1
  m_MotionVectors: 1
  m_LightProbeUsage: 1
  m_ReflectionProbeUsage: 1
  m_Materials:
  - {fileID: 2100000, guid: 3f89f82ec8c9e3e4799dd9039402509f, type: 2}
  m_StaticBatchInfo:
    firstSubMesh: 0
    subMeshCount: 0
  m_StaticBatchRoot: {fileID: 0}
  m_ProbeAnchor: {fileID: 0}
  m_LightProbeVolumeOverride: {fileID: 0}
  m_ScaleInLightmap: 1
  m_PreserveUVs: 0
  m_IgnoreNormalsForChartDetection: 0
  m_ImportantGI: 0
  m_StitchLightmapSeams: 0
  m_SelectedEditorRenderState: 3
  m_MinimumChartSize: 4
  m_AutoUVMaxDistance: 0.5
  m_AutoUVMaxAngle: 89
  m_LightmapParameters: {fileID: 0}
  m_SortingLayerID: 0
  m_SortingLayer: 0
  m_SortingOrder: 0
--- !u!33 &33964750313830844
MeshFilter:
  m_ObjectHideFlags: 1
  m_PrefabParentObject: {fileID: 0}
  m_PrefabInternal: {fileID: 100100000}
  m_GameObject: {fileID: 1304286338895800}
  m_Mesh: {fileID: 4300000, guid: 1ded09bc28de6634298ec81f80a7fc55, type: 3}
--- !u!114 &114472085230172618
MonoBehaviour:
  m_ObjectHideFlags: 1
  m_PrefabParentObject: {fileID: 0}
  m_PrefabInternal: {fileID: 100100000}
  m_GameObject: {fileID: 1318363039881680}
  m_Enabled: 1
  m_EditorHideFlags: 0
  m_Script: {fileID: 11500000, guid: ce26c1cd29732ef4ca95fd8b3db9438b, type: 3}
  m_Name: 
  m_EditorClassIdentifier: 
  RangedWeapon: {fileID: 0}
  MeleeWeapon: {fileID: 1304286338895800}
  PrimaryHand: {fileID: 4730155304340106}
  SecondaryHand: {fileID: 4512356193372666}
--- !u!137 &137569970231430222
SkinnedMeshRenderer:
  m_ObjectHideFlags: 1
  m_PrefabParentObject: {fileID: 0}
  m_PrefabInternal: {fileID: 100100000}
  m_GameObject: {fileID: 1353358963597956}
  m_Enabled: 1
  m_CastShadows: 1
  m_ReceiveShadows: 1
  m_DynamicOccludee: 1
  m_MotionVectors: 1
  m_LightProbeUsage: 1
  m_ReflectionProbeUsage: 1
  m_Materials:
  - {fileID: 2100000, guid: 8c1c22099c14fdb40a48f9ac0e01e905, type: 2}
  m_StaticBatchInfo:
    firstSubMesh: 0
    subMeshCount: 0
  m_StaticBatchRoot: {fileID: 0}
  m_ProbeAnchor: {fileID: 0}
  m_LightProbeVolumeOverride: {fileID: 0}
  m_ScaleInLightmap: 1
  m_PreserveUVs: 0
  m_IgnoreNormalsForChartDetection: 0
  m_ImportantGI: 0
  m_StitchLightmapSeams: 0
  m_SelectedEditorRenderState: 3
  m_MinimumChartSize: 4
  m_AutoUVMaxDistance: 0.5
  m_AutoUVMaxAngle: 89
  m_LightmapParameters: {fileID: 0}
  m_SortingLayerID: 0
  m_SortingLayer: 0
  m_SortingOrder: 0
  serializedVersion: 2
  m_Quality: 0
  m_UpdateWhenOffscreen: 0
  m_SkinnedMotionVectors: 1
  m_Mesh: {fileID: 4300000, guid: 4d89b08a659d0d440a40b7360d442bc9, type: 3}
  m_Bones:
  - {fileID: 4797080298947344}
  - {fileID: 4341927990517368}
  - {fileID: 4112416990592956}
  - {fileID: 4790111402907756}
  - {fileID: 4855708996320508}
  - {fileID: 4116721238628234}
  - {fileID: 4454767936263394}
  - {fileID: 4684025760256514}
  - {fileID: 4341021294035148}
  - {fileID: 4055891906899062}
  - {fileID: 4348526001922240}
  - {fileID: 4774332276489728}
  - {fileID: 4381769394250110}
  - {fileID: 4617914076000454}
  - {fileID: 4523712528684534}
  - {fileID: 4531333580921106}
  - {fileID: 4356285070530296}
  - {fileID: 4913827801878238}
  - {fileID: 4337995946045124}
  - {fileID: 4200658189753808}
  - {fileID: 4233212594645954}
  - {fileID: 4783662665990976}
  - {fileID: 4988565441247926}
  - {fileID: 4524405552878284}
  - {fileID: 4538293229860164}
  - {fileID: 4307757137241512}
  - {fileID: 4517656969202120}
  - {fileID: 4007667105955262}
  - {fileID: 4355475427251608}
  - {fileID: 4395681153488204}
  - {fileID: 4434912659912702}
  - {fileID: 4403355773770762}
  - {fileID: 4276427121595806}
  - {fileID: 4550420627816870}
  - {fileID: 4203794189566324}
  - {fileID: 4658358770057552}
  - {fileID: 4383206626612914}
  - {fileID: 4844625852114240}
  - {fileID: 4374867351495456}
  - {fileID: 4307169768842058}
  - {fileID: 4379402280744276}
  m_BlendShapeWeights: []
  m_RootBone: {fileID: 4487595177083686}
  m_AABB:
    m_Center: {x: 0.00020760298, y: 0.056206644, z: 0.038689338}
    m_Extent: {x: 1.0186579, y: 1.0081277, z: 0.21606174}
  m_DirtyAABB: 0
